<record><leader>00000cas a22000007a 4500</leader><controlfield tag="001">20060614</controlfield><controlfield tag="008">890724d19621976nyuwr ne      0    0eng c</controlfield><datafield ind1=" " ind2=" " tag="010"><subfield code="a">sn 89071328 </subfield></datafield><datafield ind1=" " ind2=" " tag="040"><subfield code="a">NYS</subfield><subfield code="b">eng</subfield><subfield code="c">NYS</subfield><subfield code="d">OCLCQ</subfield><subfield code="d">OCLCF</subfield><subfield code="d">OCLCO</subfield></datafield><datafield ind1="1" ind2=" " tag="029"><subfield code="a">AU@</subfield><subfield code="b">000020551246</subfield></datafield><datafield ind1=" " ind2=" " tag="042"><subfield code="a">pcc</subfield></datafield><datafield ind1=" " ind2=" " tag="043"><subfield code="a">n-us-ny</subfield></datafield><datafield ind1="0" ind2=" " tag="130"><subfield code="a">Victor herald (Victor, N.Y. : 1962)</subfield></datafield><datafield ind1="1" ind2="4" tag="245"><subfield code="a">The Victor herald.</subfield></datafield><datafield ind1=" " ind2=" " tag="260"><subfield code="a">Victor, N.Y. :</subfield><subfield code="b">Empire State Weeklies,</subfield><subfield code="c">1962-1976.</subfield></datafield><datafield ind1=" " ind2=" " tag="300"><subfield code="a">v.</subfield></datafield><datafield ind1=" " ind2=" " tag="310"><subfield code="a">Weekly</subfield></datafield><datafield ind1="0" ind2=" " tag="362"><subfield code="a">Vol. 78, no. 9 (Mar. 22, 1962)-v. 101, no. 20 (May 20, 1976).</subfield></datafield><datafield ind1=" " ind2="0" tag="651"><subfield code="a">Victor (N.Y.)</subfield><subfield code="v">Newspapers.</subfield></datafield><datafield ind1=" " ind2="0" tag="651"><subfield code="a">Ontario County (N.Y.)</subfield><subfield code="v">Newspapers.</subfield></datafield><datafield ind1=" " ind2="7" tag="655"><subfield code="a">Newspapers.</subfield><subfield code="2">fast</subfield><subfield code="0">(OCoLC)fst01423814</subfield></datafield><datafield ind1=" " ind2="7" tag="651"><subfield code="a">New York (State)</subfield><subfield code="z">Ontario County.</subfield><subfield code="2">fast</subfield><subfield code="0">(OCoLC)fst01209099</subfield></datafield><datafield ind1=" " ind2="7" tag="651"><subfield code="a">New York (State)</subfield><subfield code="z">Victor.</subfield><subfield code="2">fast</subfield><subfield code="0">(OCoLC)fst01225400</subfield></datafield><datafield ind1=" " ind2=" " tag="752"><subfield code="a">United States</subfield><subfield code="b">New York</subfield><subfield code="c">Ontario</subfield><subfield code="d">Victor.</subfield></datafield><datafield ind1="0" ind2="0" tag="780"><subfield code="t">New Victor herald</subfield><subfield code="w">(DLC)sn 89071327</subfield><subfield code="w">(OCoLC)20060681</subfield></datafield><datafield ind1="0" ind2="7" tag="785"><subfield code="t">Ontario County times-journal</subfield><subfield code="w">(DLC)sn 84031292</subfield></datafield><datafield ind1="0" ind2="7" tag="785"><subfield code="t">Victor herald with the Ontario County times-journal</subfield><subfield code="w">(DLC)sn 88074120</subfield></datafield></record>